<record><leader>00000cas a22000007a 4500</leader><controlfield tag="001">9336877</controlfield><controlfield tag="008">830323d18381840mauwr ne      0    0eng d</controlfield><controlfield tag="009">3768</controlfield><datafield ind1=" " ind2=" " tag="010"><subfield code="a">sn 83020388 </subfield></datafield><datafield ind1=" " ind2=" " tag="040"><subfield code="a">NPX</subfield><subfield code="b">eng</subfield><subfield code="c">NPX</subfield><subfield code="d">DLC</subfield><subfield code="d">MGN</subfield><subfield code="d">CNW</subfield><subfield code="d">OCL</subfield><subfield code="d">DLC</subfield><subfield code="d">OCLCG</subfield><subfield code="d">DLC</subfield><subfield code="d">OCLCF</subfield></datafield><datafield ind1="1" ind2=" " tag="029"><subfield code="a">AU@</subfield><subfield code="b">000025791685</subfield></datafield><datafield ind1=" " ind2=" " tag="042"><subfield code="a">msc</subfield></datafield><datafield ind1=" " ind2=" " tag="043"><subfield code="a">n-us-ma</subfield></datafield><datafield ind1="0" ind2="0" tag="050"><subfield code="a">Newspaper</subfield></datafield><datafield ind1="0" ind2="0" tag="245"><subfield code="a">Fall River patriot and Tiverton freeman.</subfield></datafield><datafield ind1="1" ind2="3" tag="246"><subfield code="a">Patriot and freeman</subfield></datafield><datafield ind1=" " ind2=" " tag="260"><subfield code="a">Fall River, Mass. :</subfield><subfield code="b">Wm. Canfield &amp; Co.</subfield></datafield><datafield ind1=" " ind2=" " tag="300"><subfield code="a">v. ;</subfield><subfield code="c">53 cm.</subfield></datafield><datafield ind1=" " ind2=" " tag="310"><subfield code="a">Weekly</subfield></datafield><datafield ind1="0" ind2=" " tag="362"><subfield code="a">Vol. 2, no. 4 (Jan. 25, 1838-</subfield></datafield><datafield ind1="1" ind2=" " tag="362"><subfield code="a">Ceased in 1840?</subfield></datafield><datafield ind1=" " ind2=" " tag="500"><subfield code="a">Editors: B.E. Hale, 1838; R.S.S. Andros, May 30-July 25, 1839; P.W. Leland,     ; F. Hooper,     ; J. Slade,     ; L. Lapham,     .</subfield></datafield><datafield ind1=" " ind2=" " tag="500"><subfield code="a">Published simultaneously at Tiverton, Rhode Island.</subfield></datafield><datafield ind1=" " ind2=" " tag="500"><subfield code="a">Democratic.</subfield></datafield><datafield ind1=" " ind2="0" tag="651"><subfield code="a">Fall River (Mass.)</subfield><subfield code="v">Newspapers.</subfield></datafield><datafield ind1=" " ind2="7" tag="655"><subfield code="a">Newspapers.</subfield><subfield code="2">fast</subfield><subfield code="0">(OCoLC)fst01423814</subfield></datafield><datafield ind1=" " ind2="7" tag="651"><subfield code="a">Massachusetts</subfield><subfield code="z">Fall River.</subfield><subfield code="2">fast</subfield><subfield code="0">(OCoLC)fst01210319</subfield></datafield><datafield ind1="1" ind2=" " tag="700"><subfield code="a">Hale, B. Ellery.</subfield></datafield><datafield ind1="1" ind2=" " tag="700"><subfield code="a">Andros, Richard S. S.</subfield></datafield><datafield ind1="1" ind2=" " tag="700"><subfield code="a">Leland, P. Washington</subfield><subfield code="q">(Phineas Washington),</subfield><subfield code="d">1798-1870.</subfield></datafield><datafield ind1="1" ind2=" " tag="700"><subfield code="a">Hooper, Foster.</subfield></datafield><datafield ind1="1" ind2=" " tag="700"><subfield code="a">Slade, Jonathan.</subfield></datafield><datafield ind1="1" ind2=" " tag="700"><subfield code="a">Lapham, Louis.</subfield></datafield><datafield ind1=" " ind2=" " tag="752"><subfield code="a">United States</subfield><subfield code="b">Massachusetts</subfield><subfield code="c">Bristol</subfield><subfield code="d">Fall River.</subfield></datafield><datafield ind1=" " ind2=" " tag="752"><subfield code="a">United States</subfield><subfield code="b">Rhode Island</subfield><subfield code="c">Bristol</subfield><subfield code="d">Tiverton.</subfield></datafield><datafield ind1="0" ind2="0" tag="780"><subfield code="t">Fall River patriot</subfield><subfield code="w">(DLC)sn 93059231</subfield><subfield code="w">(OCoLC)27762795</subfield></datafield><datafield ind1="0" ind2="0" tag="785"><subfield code="t">Archetype</subfield><subfield code="w">(DLC)sn 83020389</subfield><subfield code="w">(OCoLC)9337027</subfield></datafield></record>